@misc{energy.gov,
  title   = {Lighting choices to save you money},
  url     = {https://www.energy.gov/energysaver/lighting-choices-save-you-money},
  journal = {Energy.gov}
} 

@article{perez_ineichen_seals_michalsky_stewart_1990,
  title   = {Modeling daylight availability and irradiance components from direct and global irradiance},
  volume  = {44},
  doi     = {10.1016/0038-092x(90)90055-h},
  number  = {5},
  journal = {Solar Energy},
  author  = {Perez, Richard and Ineichen, Pierre and Seals, Robert and Michalsky, Joseph and Stewart, Ronald},
  year    = {1990},
  pages   = {271–289}
} 

@article{article,
  author  = {Ranson, K.J. and Biehl, Larry and Bauer, Marvin},
  year    = {1984},
  month   = {08},
  pages   = {},
  title   = {Variation in spectral response of soybeans with respect to illumination, view, and canopy geometry},
  volume  = {6},
  journal = {International Journal of Remote Sensing},
  doi     = {10.1080/01431168508948331}
}

@article{kurian_aithal_bhat_george_2008,
  title   = {Robust control and optimisation of energy consumption in daylight—artificial light integrated schemes},
  volume  = {40},
  doi     = {10.1177/1477153507079511},
  number  = {1},
  journal = {Lighting Research &amp; Technology},
  author  = {Kurian, CP and Aithal, RS and Bhat, J. and George, VI},
  year    = {2008},
  pages   = {7–24}
} % for the different approaches

@article{hegazy_ichiriyama_yasufuku_abe_2021,
  title   = {Comparing daylight brightness perception in real and immersive virtual environments using perceptual light maps},
  volume  = {131},
  doi     = {10.1016/j.autcon.2021.103898},
  journal = {Automation in Construction},
  author  = {Hegazy, Muhammad and Ichiriyama, Ken and Yasufuku, Kensuke and Abe, Hirokazu},
  year    = {2021},
  pages   = {103898}
} 

@article{galasiu_veitch_2006,
  title   = {Occupant preferences and satisfaction with the luminous environment and control systems in Daylit Offices: A Literature Review},
  volume  = {38},
  doi     = {10.1016/j.enbuild.2006.03.001},
  number  = {7},
  journal = {Energy and Buildings},
  author  = {Galasiu, Anca D. and Veitch, Jennifer A.},
  year    = {2006},
  pages   = {728–742}
} 

@misc{solar,
  title   = {Solar Altitude Angle},
  url     = {https://www.sciencedirect.com/topics/engineering/solar-altitude-angle},
  journal = {Solar Altitude Angle - an overview ScienceDirect Topics}
} 

@misc{light_icict_2019,
  title  = {Optical Illumination of rooms using Genetic Algorithm},
  author = {Aiman K., Sami M., Saleha R.},
  year   = {2019}
}